% The example bibliographical entries below were borrowed from the
% <https://www.ctan.org/pkg/biblatex-iso690> package documentation.

% BORGMAN, Christine L., 2003. From Gutenberg to the global information
% infrastructure: access to information in the networked world. First. Cambridge
% (Mass): The MIT Press. ISBN 0-262-52345-0 [xviii, 324]

@BOOK{borgman03,
  author    = {Borgman, Christine L.},
  date      = {2003},
  title     = {From Gutenberg to the global information infrastructure},
  subtitle  = {access to information in the networked world},
  edition   = {1}, % should not be stated
  location  = {Cambridge (Mass)},
  publisher = {The MIT Press},
  pagetotal = {xviii, 324},
  isbn      = {0-262-52345-0},
  langid    = {english}
}

@BOOK{TDD,
	author = {Kent Beck},
    date = {2002},
    title = {Test Driven Development},
    subtitle = {By Example},
    publisher = { Addison-Wesley Professional},
    isbn = {0321146530}
}

@ARTICLE{Software_techniques,
	author = {B. Beizer},
    date = {1990},
    title = {Software testing techniques},
    isbn = {0-442-20672-0}
}

@ARTICLE{origin, 
	author = {R. Lipton},
    title = { Fault Diagnosis of Computer Programs},
    date = {1971}
}

@inproceedings{mathur1991performance,
  title={Performance, effectiveness, and reliability issues in software testing},
  author={Mathur, Aditya P},
  booktitle={Computer Software and Applications Conference, 1991. COMPSAC'91., Proceedings of the Fifteenth Annual International},
  year={1991},
  organization={IEEE}
}

@inproceedings{offut,
 author = {Offutt, A. Jefferson and Rothermel, Gregg and Zapf, Christian},
 title = {An Experimental Evaluation of Selective Mutation},
 booktitle = {Proceedings of the 15th International Conference on Software Engineering},
 series = {ICSE '93},
 year = {1993},
 isbn = {0-89791-588-7},
 location = {Baltimore, Maryland, USA},
 publisher = {IEEE Computer Society Press},
} 

@phdthesis{acree,
 author = {Acree,Jr., Allen Troy},
 title = {On Mutation},
 year = {1980},
 publisher = {Georgia Institute of Technology},
} 

@phdthesis{budd,
 author = {Budd, Timothy Alan},
 title = {Mutation Analysis of Program Test Data},
 note = {AAI8025191},
 publisher = {Yale University},
} 

@inproceedings{jia2008constructing,
  title={Constructing subtle faults using higher order mutation testing},
  author={Jia, Yue and Harman, Mark},
  booktitle={Source Code Analysis and Manipulation, 2008 Eighth IEEE International Working Conference on},
  year={2008},
  organization={IEEE}
}

% GREENBERG, David, 1998. Camel drivers and gatecrashers: quality control in
% the digital research library. In: HAWKINS, B.L et al. (eds.). The mirage of
% continuity: reconfiguring academic information resources for the 21st
% century.  Washington (D.C.): Council on Library and Information Resources;
% Association of American Universities, pp. 105â€“116

@ARTICLE{Javalanche,
	url = {https://www.st.cs.uni-saarland.de/publications/files/schuler-fse-2009.pdf}
}

